@string{mitpress = "MIT Press"}
@string{springer = "Springer Verlag"}
@string{ieeepress = "IEEE Computer Society Press"}
@string{addison = "Addison-Wesley Publishing Inc."}
@string{CCC = "Proc.~of the Computational Complexity Conference (CCC)"}
@string{STOC = "Proc.~of the ACM Annual Symposium on Theory of Computing (STOC)"}
@string{FOCS = "Proc.~of the IEEE Annual Symposium on Foundations of Computer Science (FOCS)"}
@string{ieeetpds = "IEEE Transactions on Parallel and Distributed Systems"}
@string{nistdef = "The NIST Definition of Cloud Computing"}
@string{nistpub = "NIST Special Pubblication 800-145"}

@Article{NISTCloudComputing,
  Author = {Mell, P. and Grance, T.},
  Title = nistdef,
  Journal = nistpub, 
  Year = {2011},
}

@Manual{OpenFogReferenceArchitecture,
  Organization = {OpenFog Consortium},
  Title = {OpenFog Reference Architecture for Fog Computing},
  Year = {2017}
}

@InProceedings{FogComputingInIoT,
  Author = {Bonomi, F. and Milito, R. and Zhu, J. and Addepalli, S.},
  Title = {Fog Computing and its role in the internet of things},
  Booktitle = {Proceedings of the first edition of the MCC workshop on Mobile cloud computing},
  Year = {2012}
}

@Article{FogForTrafficControl,
	title = {Smart fog based workflow for traffic control networks},
	journal = {Future Generation Computer Systems},
	year = {2019},
	url = {https://www.sciencedirect.com/science/article/pii/S0167739X18325809},
	author = {Wu, Q. and Shen, J. and Yong, B. and Wu, J and Li, F. and Wang, J. and Zhou, Q.}
}

@InProceedings{FogBarcellona,  
	author={Garcia, J. and Simó, E. and Masip-Bruin, X. and Marín-Tordera, E. and Sànchez-López, S.},  
	booktitle={2018 IEEE/ACM International Conference on Utility and Cloud Computing Companion (UCC Companion)},   
	title={Do We Really Need Cloud? Estimating the Fog Computing Capacities in the City of Barcelona},   
	year={2018}
}